
@article{gentzkow_measuring_2015,
  title={Measuring Polarization in High Dimensional Data},
  author={Gentzkow, Matthew and Shapiro, Jesse and Taddy, Matt},
  journal={Chicago Booth working paper},
  year={2015}
}

@article{flynn_efficiency_2013,
  title = {Efficiency for Regularization Parameter Selection in Penalized Likelihood Estimation of Misspecified Models},
  volume = {108},
  journal = {Journal of the American Statistical Association},
  author = {Flynn, Cheryl and Hurvich, Clifford and Simonoff, Jefferey},
  year = {2013},
  pages = {1031--1043}
}


@article{taddy_distributed_2015,
  title = {Distributed Multinomial Regression},
  note = {To appear},
  journal = {The Annals of Applied Statistics},
  author = {Taddy, Matt},
  year = {2015}
}

@article{hurvich_regression_1989,
  title = {Regression and time series model selection in small samples},
  volume = {76},
  url = {http://biomet.oxfordjournals.org/content/76/2/297.short},
  number = {2},
  urldate = {2014-09-19},
  journal = {Biometrika},
  author = {Hurvich, Clifford M. and Tsai, Chih-Ling},
  year = {1989},
  pages = {297--307},
  file = {hurvich_tsai89.pdf:/Users/mtaddy/Library/Application Support/Firefox/Profiles/covgds8f.default/zotero/storage/HHV8B5NE/hurvich_tsai89.pdf:application/pdf}
}


@article{taddy_one-step_2015,
  title = {One-step estimator paths for concave regularization},
  author = {Taddy, Matt},
  year = {2015},
  note = {\textit{arXiv:1308.5623}}
}

@article{zou_regularization_2005,
  title = {Regularization and variable selection via the elastic net},
  volume = {67},
  url = {http://onlinelibrary.wiley.com/doi/10.1111/j.1467-9868.2005.00503.x/full},
  number = {2},
  urldate = {2014-09-16},
  journal = {Journal of the Royal Statistical Society: Series B (Statistical Methodology)},
  author = {Zou, Hui and Hastie, Trevor},
  year = {2005},
  pages = {301--320},
  file = {elasticnet.pdf:/Users/mtaddy/Library/Application Support/Firefox/Profiles/covgds8f.default/zotero/storage/95K5967G/elasticnet.pdf:application/pdf}
}

@article{candes_enhancing_2008,
  title = {Enhancing Sparsity by Reweighted L1 Minimization},
  volume = {14},
  journal = {Journal of Fourier Analysis and Applications},
  author = {Candes, Emmanuel J. and Wakin, Michael B. and Boyd, Stephen P.},
  year = {2008},
  pages = {877--905}
}

@article{hoerl_ridge_1970,
  title = {Ridge Regression: Biased Estimation for Nonorthogonal Problems},
  volume = {12},
  journal = {Technometrics},
  author = {Hoerl, Arthur and Kennard, Robert},
  year = {1970},
  pages = {55--67}
}

@article{tibshirani_regression_1996,
  title = {Regression Shrinkage and Selection via the Lasso},
  volume = {58},
  journal = {Journal of the Royal Statistical Society, Series B},
  author = {Tibshirani, Robert},
  year = {1996},
  pages = {267--288}
}

@techreport{ThoVenJen12,
	Author = {A. C. Thomas and Samuel L. Ventura and Shane Jensen and Stephen Ma},
	Institution = {ArXiv:1208.0799},
	Title = {Competing Process Hazard Function Models for Player Ratings in Ice Hockey},
	Year = {2012}}


@article{car:pol:sco:2010,
     Author = {Carvalho, C.M. and Polson, N.G. and Scott, J.G.},
     Title = {The Horseshoe Estimator for Sparse Signals},
     Year = 2010,
     Journal = {Biometrika},
     Volume = 97,
     Pages = {465--480}
}

@article{fan:li:2001,
     Author = {Fan, Jianqing and Li, Runze},
     Title = {Variable Selection Via Nonconcave Penalized Likelihood and 
Its
             Oracle Properties},
     Year = 2001,
     Journal = {Journal of the American Statistical Association},
     Volume = 96,
     Number = 456,
     Pages = {1348--1360}
}

@Article{gra:pols:2012,
  author =       {R.B. Gramacy and N.G. Polson},
  title =        {Simulation-based Regularized Logistic Regression},
  journal =  {Bayesian Analysis},
  year =         2012,
  volume =          {7},
  pages =  {1--24}
}

@Article{taddy:2012,
  author = 	 {M.A. Taddy},
  title = 	 {Multinomial Inverse Regression for Text Analysis},
  journal =  {Journal of the American Statistical Association},
  year =         2013,
  volume =          {{\em to appear}}
}

@Manual{reglogit,
    title = {{\tt reglogit}: {S}imulation-based Regularized Logistic Regression},
    author = {R.B. Gramacy},
    year = {2012},
    note = {{\sf R} package version 1.1},
    url = {http://CRAN.R-project.org/package=reglogit},
  }

@Manual{textir,
    title = {{\tt textir}: {I}nverse Regression for Text},
    author = {M.A. Taddy},
    year = {2012},
    note = {{\sf R} package version 1.8-6},
    url = {http://CRAN.R-project.org/package=textir},
  }


@TechReport{schlocwel10,
  author =       {Michael E. Schuckers and Dennis F. Lock and Chris Wells and C. J. Knickerbocker and Robin H. Lock},
  title =        {National Hockey League Skater Ratings Based upon All On-Ice Events: An Adjusted Minus/Plus Probability (AMPP) Approach},
 institution =  {St. Lawrence University},
   year =   {2010}
}

@article{vol10,
author = {Robert Vollman},
journal = {Hockey Prospectus},
title = {{Howe and Why: Ten Ways to Measure Defensive Contributions}},
volume = {March 04, 2010},
year = {2010}
}

@article{ros04,
author = {Dan T. Rosenbaum},
journal = {82games.com},
title = {{Measuring How NBA Players Help Their Teams Win}},
volume = {April 30, 2004},
year = {2004}
}

@article{ilabar08,
author = {Steve Ilardi and Aaron Barzilai},
journal = {82games.com},
title = {{Adjusted Plus-Minus Ratings: New and Improved for 2007-2008}},
volume = {},
year = {2004}
}

@article{awa09,
author = {Tom Awad},
journal = {Hockey Prospectus},
title = {{Numbers On Ice: Fixing Plus/Minus}},
volume = {April 03, 2009},
year = {2009}
}

@TechReport{mac10,
  author = 	 {Brian Macdonald},
  title = 	 {A Regression-based Adjusted Plus-Minus Statistic for NHL Players},
  institution =  {ar{X}iv: 1006.4310},
  year = {2010}
}


@article{HoeKen70,
	Author = {Arthur E. Hoerl and Robert W. Kennard},
	Journal = {Technometrics},
	Pages = {55-67},
	Title = {Ridge regression: biased estimation for nonorthogonal problems},
	Volume = {12},
	Year = {1970}}
	
@article{Tib96,
	Author = {Rob Tibshirani},
	Journal = {J. R. Statist. Soc. B},
	Pages = {267-288},
	Title = {Regression shrinkage and selection via the lasso},
	Volume = {58},
	Year = {1996}}

@Manual{cranR,
    title = {{\sf R}: A Language and Environment for Statistical Computing},
    author = {{{\sf R} Development Core Team}},
    organization = {{\sf R} Foundation for Statistical Computing},
    address = {Vienna, Austria},
    year = {2010},
    note = {{ISBN} 3-900051-07-0},
    url = {http://www.R-project.org/},
  }

@Article{genkin:lewis:madigan:2007,
  author = 	 {Genkin, A. and Lewis, D.D. and Madigan, D.},
  title = 	 {Large-Scale {B}ayesian Logistic Regression for Text Categorization},
  journal =  {Technometrics},
  year = 	 2007,
  volume = 49,
  number = 3,
  pages = {291--304}}

@Article{krish:etal:2005,
  author = 	 {Krishnapuram, B. and Carin, L. and Figueiredo, M. and Hartemink, A.},
  title = 	 {Sparse Multinomial Logistic Regression: Fast
                  Algorithms and Generalization Bounds},
  journal = 	 {IEEE Pattern Analysis and Machine Intellegence},
  year = 	 2005,
  volume = 	 27,
  number = 	 6,
  pages = 	 {957--969}}


@Article{park:hastie:2008,
  author = 	 {Park, M.Y. and Hastie, T.},
  title = 	 {Penalized Logistic Regression for Detecting Gene Interactions},
  journal = 	 {Biostatistics},
  year = 	 2008,
  volume = 	 9,
  number = 	 1,
  pages = 	 {30--50}}

@Article{park:casella:2008,
  author = 	 {Trevor Park and George Casella},
  title = 	 {The Bayesian Lasso},
  year =	 2008,
  journal =      {Journal of the American Statistical Association},
  volume =       103,
  number =       482,
  pages =        {681--686},
  url =          {http://www.stat.ufl.edu/~casella/Papers/Lasso.pdf},
  month =        {June}
}


@article{fried:hast:tibsh:2009,
  author =	"Jerome H. Friedman and Trevor Hastie and Rob Tibshirani",
  title =	"Regularization Paths for Generalized Linear Models via Coordinate Descent",
  journal =	"Journal of Statistical Software",
  volume =	"33",
  number =	"1",
  pages =	"1--22",
  day =  	"2",
  month =	"2",
  year = 	"2010",
  CODEN =	"JSSOBK",
  ISSN = 	"1548-7660",
  bibdate =	"2009-12-15",
  URL =  	"http://www.jstatsoft.org/v33/i01",
  accepted =	"2009-12-15",
  acknowledgement = "",
  keywords =	"",
  submitted =	"2009-04-22",
}


@Book{hastie:tibsh:fried:2001,
  author =       {Trevor Hastie and Robert Tibshirani and Jerome Friedman},
  title =        {The Elements of Statistical Learning: Data Mining,
                  Inference, and Prediction},
  publisher =    {Springer},
  year =         2001}


@Article{holmes:held:2006,
  author = 	 {Holmes, C. and Held, K.},
  title = 	 {Bayesian Auxilliary Variable Models for Binary and
                  Multinomial Regression},
  journal = 	 {Bayesian Analysis},
  year = 	 2006,
  volume = 	 1,
  number = 	 1,
  pages = 	 {145--168}}


@article{gem:gem:1984,
	Author = {S. Geman and D. Geman},
	Journal = {IEEE Transaction on Pattern Analysis and Machine Intelligence},
	Pages = {721-741},
	Title = {Stochastic relaxation, {G}ibbs distributions, and the {B}ayesian restoration of images},
	Volume = 6,
	Year = 1984}

  @Manual{monomvn,
    title = {{\tt monomvn:} {E}stimation for multivariate normal and Student-t data with
monotone missingness},
    author = {Robert B. Gramacy},
    year = {2012},
    note = {R package version 1.8-9},
    url = {http://www.statslab.cam.ac.uk/~bobby/monomvn.html},
  }

  @Manual{slam,
    title = {{\tt slam:} {S}parse {L}ightweight {A}rrays and {M}atrices},
    author = {Kurt Hornik and David Meyer and Christian Buchta},
    year = {2011},
    note = {R package version 0.1-23},
    url = {http://CRAN.R-project.org/package=slam},
  }


@Article{gramacy:jensen:taddy:2013,
  title = {Estimating player contribution in hockey with regularized logistic regression},
  author = {Robert B. Gramacy and Shane Jensen and Matt Taddy},
  journal = {Journal of Quantitative Analysis in Sports},
  Volume = {9},
  Issue = {1},
  Pages = {97--111}}

@Book{sheather:2009,
  title = {A modern approach to regression with {\sf R}},
  author = {Simon Sheather},
  publisher = {Springer},
  year = {2009}
}


  @Manual{nhlscrapr,
    title = {{\tt nhlscrapr}: {C}ompiling the {NHL} Real Time Scoring System Database for eas use in {\sf R}},
    author = {A.C. Thomas and Samuel L. Ventura},
    year = {2013},
    note = {{\sf R} package version 1.2.1},
  }

 @Manual{gamlr,
    title = {{\tt gamlr}: Gamma Lasso Regression},
    author = {Matt Taddy},
    year = {2013},
    note = {{\sf R} package version 1.11-2},
    url = {http://github.com/mataddy/gamlr}
  }

@article{glmnet,
  author =  "Noah Simon and Jerome H. Friedman and Trevor Hastie and Rob Tibshirani",
  title = "Regularization Paths for Cox's Proportional Hazards Model via Coordinate Descent",
  journal = "Journal of Statistical Software",
  volume =  "39",
  number =  "5",
  pages = "1--13",
  day =   "9",
  month = "3",
  year =  "2011",
  CODEN = "JSSOBK",
  ISSN =  "1548-7660",
  bibdate = "2010-10-02",
  URL =   "http://www.jstatsoft.org/v39/i05",
  accepted =  "2010-10-02",
  acknowledgement = "",
  keywords =  "",
  submitted = "2010-06-15",
}

@article{breiman:2001,
  author = {L.~Breiman},
  title = {Random Forests},
  journal = {Machine Learning},
  volume = 45,
  year = 2001,
  pages = {5--32}
}

@inproceedings{taddy:eta:2015, 
   Publisher = {JMLR Workshop and Conference Proceedings}, 
   title="Bayesian and Empirical Bayesian Forests", 
   Author={Matthew, Taddy and Chen, Chun-Sheng and Yu, Jun and Wyle, Mitch}, 
   year="2015", 
   Booktitle="Proceedings of the 32nd International Conference on Machine Learning (ICML-15)", 
   Editor={David Blei and Francis Bach}, 
   pages="967-976", 
   url="http://jmlr.org/proceedings/papers/v37/matthew15.pdf" 
   }

@article{ChipGeorMcCu2010,
        Author = {Hugh A. Chipman and Edward I. George and Robert E. McCulloch},
        Journal = {The Annals of Applied Statistics},
        Pages = {266--298},
        Title = {{BART}: {B}ayesian Additive Regression Trees},
        Volume = {4},
        Year = {2010}}